<?xml version="1.0" encoding="UTF-8"?><collection xmlns="http://www.loc.gov/MARC21/slim"><record><leader>00650nam--2200181-i-4500</leader><controlfield tag="001">000029993</controlfield><controlfield tag="002">20161230</controlfield><controlfield tag="005">20161230201038</controlfield><controlfield tag="008">060222s1000------------r-----000-0-fre-d</controlfield><datafield ind1=" " ind2=" " tag="040"><subfield code="a">IFIN-HH</subfield></datafield><datafield ind1=" " ind2=" " tag="041"><subfield code="a">fre</subfield></datafield><datafield ind1=" " ind2=" " tag="080"><subfield code="a">538.931:539.125.52(043)</subfield></datafield><datafield ind1="1" ind2=" " tag="100"><subfield code="a">Lam-hime, Michel</subfield></datafield><datafield ind1="1" ind2="0" tag="245"><subfield code="a">Homogeneisation: resolution de l`equation de transport en mode fondamental. definition et calcul de coefficients de diffusion des neutrons dans un reseau de cellules heterogenes unidimensionelle planes</subfield><subfield code="b">These</subfield><subfield code="c">Michel lam-hime</subfield></datafield><datafield ind1=" " ind2=" " tag="260"><subfield code="a">Paris</subfield><subfield code="b">Universite De Paris-sud</subfield><subfield code="c">1980</subfield></datafield><datafield ind1=" " ind2=" " tag="300"><subfield code="a">171P</subfield></datafield><datafield ind1=" " ind2=" " tag="852"><subfield code="a">70645</subfield><subfield code="c">539.12</subfield></datafield><datafield ind1=" " ind2=" " tag="CAT"><subfield code="a">Sys</subfield><subfield code="c">20111209</subfield><subfield code="h">105447</subfield></datafield></record></collection>